% This file was created with Citavi 6.2.0.12

@book{Rasmussen.2008,
 author = {Rasmussen, Carl Edward and Williams, Christopher K. I.},
 year = {2008},
 title = {Gaussian processes for machine learning},
 keywords = {Data processing;Gaussian processes;Gau{\ss}-Prozess;Machine learning;Maschinelles Lernen;Mathematical models},
 address = {Cambridge, Mass.},
 edition = {3. print},
 publisher = {{MIT Press}},
 isbn = {9780262182539},
 series = {Adaptive computation and machine learning}
}


