%%%%%%%%%%%%%%%%%%%%%%%%%%%%%%%%%%%%%%%%%%%%%%%%%%%%%%%%%%%%%%%%%%%%%%%%%%%%%%%
% Literaturdatenbank im bibtex-Format
%%%%%%%%%%%%%%%%%%%%%%%%%%%%%%%%%%%%%%%%%%%%%%%%%%%%%%%%%%%%%%%%%%%%%%%%%%%%%%%%
% 

@book{Balzert2001,
    author       = { Helmut Balzert },
    editor       = { },
    title        = { Lehrbuch Grundlagen der Informatik },
    publisher    = { Spektrum Akademischer Verlag },
    year         = { 2001 },

    volume       = {},
    number       = {},
    series       = {},
    address      = { Heidelberg },
    edition      = {},
    month        = {},
    note         = {},
    language     = german
  }

@inproceedings{Rump1988,
    author       = { Siegfried M.~Rump },
    title        = {  Algorithm for Verified Inclusions - Theory and Practice },
    booktitle    = { Reliability in Computing },
    year         = { 1988 },

    editor       = { R.E.~Moore },
    volume       = { 19 },
    number       = {},
    series       = { Perspectives in Computing },
    pages        = { 109--126 },
    address      = {},
    month        = {},
    organization = {},
    publisher    = { Academic Press },
    note         = {},
    language     = USenglish
  }

@article{Goldberg1991,
    author       = { David Goldberg },
    title        = { What Every Computer Scientist Should Know About
                  Floating-Point Arithmetic },
    journal      = { ACM Computing Surveys},
    year         = { 1991 },

    volume       = { 23 },
    number       = { 1 },
    pages        = {},
    month        = mar,
    note         = {},
    language     = USenglish
  }

@book{Gosling2005,
    author       = { James Gosling and Bill Joy and Guy Steele and Gilad Bracha },
    editor       = { },
    title        = { The Java Language Specification },
    publisher    = { Addison Wesley },
    year         = { 2005 },

    volume       = {},
    number       = {},
    series       = {},
    address      = { },
    edition      = { 3.~Auflage },
    month        = {},
    note         = {},

    language     =  USenglish
  }

@manual{Java2005,
    title        = { Java Language Specification, 3rd edition },

    author       = {},
    organization = {},
    address      = { http://java.sun.com/docs/books/jls/third\_edition/html/j3TOC.html },
    edition      = {},
    month        = {},
    year         = {},
    note         = {},

    language     = USenglish
  }

%%%%%%%%%%%%%%%%%%%%%%%%%%%%%%%%%%%%%%%%%%%%%%%%%%%%%%%%%%%%%%%%%%%%%%%%%%%%%%%%
